@online{cscmu,
author = {M. Wing, Jeannette},
title  = {Computational Thinking},
date   = {2007},
url    = {https://www.cs.cmu.edu/afs/cs/usr/wing/www/Computational_Thinking.pdf}
}

@online{ct_researchergate,
author = {M. Wing, Jeannette},
title  = {Computational Thinking},
date   = {2006},
url    = {https://www.cs.cmu.edu/afs/cs/usr/wing/www/Computational_Thinking.pdf}
}

@online{ct_skillset,
author = {Mohaghegh, Mahsa},
title  = {Computational Thinking: The Skill Set of the 21st Century},
date   = {2016},
url    = {https://www.researchgate.net/publication/303792583_Computational_Thinking_The_Skill_Set_of_the_21st_Century}
}

@online{benefits_ct,
author = {Snalune, Phillip},
title  = {The benefits of computational thinking},
date   = {2015},
url    = {https://www.bcs.org/content/ConWebDoc/55416}
}

@online{cas_ct,
author = {Dorling, Mark},
title  = {CAS computational thinking - A Guide for teachers},
date   = {2017},
url = {https://www.computingatschool.org.uk/computationalthinking}
}

@online{thinking_ct,
author = {M. Wing, Jeannette},
title  = {Computational thinking and thinking about computing},
date   = {2008},
url    = {https://www.ncbi.nlm.nih.gov/pmc/articles/PMC2696102/}
}

@online{what_is_ct,
author = {Techopedia},
title  = {Computing},
date   = {n/a},
url    = {https://www.techopedia.com/definition/6597/computing}
}

@online{microsoft_research,
author = {M. Wing, Jeannette},
title  = {Microsoft Research Faculty Summit 2012},
date   = {2012},
url    = {https://www.microsoft.com/en-us/research/wp-content/uploads/2012/08/Jeannette_Wing.pdf}
}

@online{datascience_ml,
author = {Valchanov, Iliya},
title  = {Machine Learning: An Overview},
date   = {2018},
url    = {https://www.datascience.com/blog/machine-learning-overview}
}
